%% This BibTeX bibliography file was created using BibDesk.
%% https://bibdesk.sourceforge.io/

%% Created for Pawe≈Ç Garbacz at 2021-09-20 14:44:07 +0200 


%% Saved with string encoding Unicode (UTF-8) 



@article{Berners-Lee2001,
	author = {Berners-Lee, T. and Hendler, J. and Lassila, O.},
	date-added = {2021-09-20 14:44:00 +0200},
	date-modified = {2021-09-20 14:44:00 +0200},
	journal = {Scientific American},
	number = 5,
	pages = {28-37},
	title = {{The Semantic Web}},
	volume = 284,
	year = 2001}

@article{cite-key,
	date-added = {2021-09-20 14:41:29 +0200},
	date-modified = {2021-09-20 14:41:29 +0200}}

@article{McCarty80,
	author = {John McCarthy},
	date-added = {2012-05-22 09:24:47 +0200},
	date-modified = {2012-05-22 09:24:47 +0200},
	journal = {Artificial Intelligence},
	number = {1-2},
	pages = {27-39},
	title = {{Circumscription - a form of Non-Monotonic Reasoning}},
	volume = {13},
	year = {1980}}

@article{Orman-Quine:1957aa,
	author = {Willard van Orman Quine},
	date-added = {2012-05-22 09:17:23 +0200},
	date-modified = {2012-05-22 09:17:23 +0200},
	journal = {Proceedings and Addresses of the American Philosophical Association},
	pages = {5-22},
	title = {{Speaking of Objects}},
	volume = {31},
	year = {1957-1958}}

@article{Orman-Quine:1966aa,
	author = {Willard van Orman Quine},
	date-added = {2012-05-22 09:17:23 +0200},
	date-modified = {2012-05-22 09:17:23 +0200},
	journal = {Proceedings of the American Philosophical Society},
	number = {3},
	pages = {343-347},
	title = {{Variables Explained Away}},
	volume = {104},
	year = {1966}}

@book{Orman-Quine:2000aa,
	address = {Warszawa},
	author = {Willard van Orman Quine},
	date-added = {2012-05-22 09:17:23 +0200},
	date-modified = {2012-05-22 09:17:23 +0200},
	publisher = {PWN},
	title = {S{\l}owo i przedmiot},
	year = {1999}}

@inbook{Orman-Quine:1969ab,
	chapter = {O tym, co istnieje},
	crossref = {Orman-Quine:1969aa},
	date-added = {2012-05-22 09:17:23 +0200},
	date-modified = {2012-05-22 09:17:23 +0200},
	pages = {9-34}}

@book{Orman-Quine:1969aa,
	address = {Warszawa},
	author = {Willard van Orman Quine},
	date-added = {2012-05-22 09:17:23 +0200},
	date-modified = {2012-05-22 09:17:23 +0200},
	editor = {(t{\l}um.) B. Stanosz},
	publisher = {PWN},
	title = {Z punktu widzenia logiki. Eseje logiczno-filozoficzne},
	year = {1969}}

@inproceedings{Ohrstrom:2007aa,
	address = {Dordrecht},
	author = {Peter {\O}hrstr{\o}m and Sara L. Uckelman and Henrik Sch{\"a}rfe},
	booktitle = {Conceptual Structures: Knowledge Architectures for Smart Applications},
	date-added = {2012-05-19 16:28:23 +0200},
	date-modified = {2012-05-19 16:28:23 +0200},
	editor = {Simon Polovina and Richard Hill and Uta Priss},
	pages = {374-386},
	publisher = {Springer},
	title = {Historical and conceptual foundations of diagrammatical ontology},
	year = {2007}}

@book{DBLP:conf/dlog/2003handbook,
	date-added = {2012-05-15 09:39:30 +0200},
	date-modified = {2012-05-15 09:39:52 +0200},
	editor = {Franz Baader and Diego Calvanese and Deborah L. McGuinness and Daniele Nardi and Peter F. Patel-Schneider},
	publisher = {Cambridge University Press},
	title = {The Description Logic Handbook: Theory, Implementation, and Applications},
	year = {2003}}

@inproceedings{conf/kr/HorrocksKS06,
	author = {Horrocks, Ian and Kutz, Oliver and Sattler, Ulrike},
	booktitle = {{Knowledge Representation and Reasoning}},
	date-added = {2012-05-15 08:05:34 +0200},
	date-modified = {2012-05-15 08:10:59 +0200},
	editor = {Doherty, Patrick and Mylopoulos, John and Welty, Christopher A.},
	pages = {57-67},
	publisher = {AAAI Press},
	title = {The Even More Irresistible SROIQ},
	year = 2006,
	Bdsk-Url-1 = {http://dblp.uni-trier.de/db/conf/kr/kr2006.html#HorrocksKS06}}

@techreport{Group:2011aa,
	author = {Object Management Group},
	date-added = {2012-04-21 20:50:49 +0200},
	date-modified = {2012-04-21 20:51:46 +0200},
	institution = {Object Management Group},
	title = {OMG Unified Modeling LanguageTM (OMG UML) - Infrastructure},
	year = {2011}}

@incollection{Reiter:1984aa,
	author = {Raymong Reiter},
	booktitle = {{On Conceptual Modelling}},
	date-added = {2012-04-14 08:51:39 +0200},
	date-modified = {2012-04-14 08:51:39 +0200},
	editor = {M. Brodi and John Mylopoulos and Joachim W. Schmidt},
	pages = {191-238},
	publisher = {Springer Verlag},
	title = {{Towards a Logical Reconstruction of Relational Database Theory}},
	year = {1984}}

@book{Codd:1990:RMD:77708,
	address = {Boston, MA, USA},
	author = {Codd, E. F.},
	date-added = {2012-04-14 08:47:29 +0200},
	date-modified = {2012-04-14 08:47:29 +0200},
	isbn = {0-201-14192-2},
	publisher = {Addison-Wesley Longman Publishing Co., Inc.},
	title = {The relational model for database management: version 2},
	year = {1990}}

@incollection{Adams:2004aa,
	author = {Fred Adams},
	booktitle = {The Blackwell Guide to the Philosophy of Computing and Information},
	date-added = {2012-02-07 15:54:10 +0100},
	date-modified = {2012-02-07 15:54:10 +0100},
	editor = {L. Floridi},
	pages = {228-236},
	publisher = {Blackwell Publishing},
	title = {Knowledge},
	year = {2004}}

@book{Bateson:1973aa,
	author = {Gregory Bateson},
	date-added = {2012-02-07 15:54:10 +0100},
	date-modified = {2012-02-07 15:54:10 +0100},
	publisher = {Frogmore},
	title = {Steps to an {E}cology of {M}ind},
	year = {1973}}

@book{Bochenski:1938aa,
	address = {Roma},
	author = {Innocenzo M. Boche{\'n}ski},
	date-added = {2012-02-07 15:54:10 +0100},
	date-modified = {2012-02-07 15:54:10 +0100},
	publisher = {Angelicum},
	title = {Nove lezioni di logica simbolica},
	year = {1938}}

@article{Bochenski:1948aa,
	author = {J{\'o}zef Boche{\'n}ski},
	date-added = {2012-02-07 15:54:10 +0100},
	date-modified = {2012-02-07 15:54:10 +0100},
	journal = {The Thomist},
	pages = {424-447},
	title = {On {A}nalogy},
	volume = {11},
	year = {1948}}

@book{Copleston:1995aa,
	author = {Frederick Copleston},
	date-added = {2012-02-07 15:54:10 +0100},
	date-modified = {2012-02-07 15:54:10 +0100},
	publisher = {Instytut Wydawniczy PAX},
	title = {Histora filozofii},
	volume = {IV},
	year = {1995}}

@book{Danielewiczowa:2002aa,
	address = {Warszawa},
	author = {Magdalena Danielewiczowa},
	date-added = {2012-02-07 15:54:10 +0100},
	date-modified = {2012-02-07 15:54:30 +0100},
	title = {{Wiedza i niewiedza. Studium polskich czasownik{\'o}w epistemicznych}},
	year = {2002}}

@incollection{Floridi:2004aa,
	author = {Luciano Floridi},
	booktitle = {The Blackwell Guide to the Philosophy of Computing and Information},
	date-added = {2012-02-07 15:54:10 +0100},
	date-modified = {2012-02-07 15:54:10 +0100},
	editor = {L. Floridi},
	pages = {40-61},
	publisher = {Blackwell Publishing},
	title = {Information},
	year = {2004}}

@incollection{Gut:2005aa,
	address = {Lublin},
	author = {Przemys{\l}aw Gut},
	booktitle = {Powszechna Encyklopedia Filozoficzna},
	date-added = {2012-02-07 15:54:10 +0100},
	date-modified = {2012-02-07 15:54:10 +0100},
	editor = {A. Maryniarczyk},
	publisher = {PTTA},
	title = {LEIBNIZ {G}OTTFRIED {W}ILHELM},
	volume = {6},
	year = {2005}}

@incollection{Jacek-J.-Jadacki:1997aa,
	author = {Jacek J. Jadacki and Kordula {\'S}wi{\k e}torzecka},
	booktitle = {Wiedza i wiara. Wybrane pisma filozoficzne},
	date-added = {2012-02-07 15:54:10 +0100},
	date-modified = {2012-02-07 15:54:10 +0100},
	pages = {15-27},
	publisher = {TN KUL},
	title = {My{\'s}liciel o sercu walecznym},
	year = {1997}}

@incollection{Kaminski:1989aa,
	author = {Stanis{\l}aw Kami{\'n}ski},
	booktitle = {Jak filozofowa{\'c}?},
	date-added = {2012-02-07 15:54:10 +0100},
	date-modified = {2012-02-07 15:54:10 +0100},
	editor = {T. Szubka},
	pages = {13-32},
	publisher = {TN KUL},
	title = {Typy ludzkiej wiedzy},
	year = {1989}}

@incollection{Kaminski:1989ab,
	author = {Stanis{\l}aw Kami{\'n}ski},
	booktitle = {Jak filozofowa{\'c}?},
	date-added = {2012-02-07 15:54:10 +0100},
	date-modified = {2012-02-07 15:54:10 +0100},
	editor = {T. Szubka},
	pages = {135-149},
	publisher = {TN KUL},
	title = {Aksjomatyzowalno{\'s}{\'c} klasycznej metafizyki og{\'o}lnej},
	year = {1989}}

@incollection{Majdanski:1996aa,
	author = {Stanis{\l}aw Majda{\'n}ski},
	booktitle = {Filozofia i precyzja},
	date-added = {2012-02-07 15:54:10 +0100},
	date-modified = {2012-02-07 15:54:10 +0100},
	editor = {S. Majda{\'n}ski},
	pages = {5-52},
	publisher = {TN KUL},
	title = {Ani scjentyzm, ani fideizm: u progu nowoczesnej syntezy filozoficznej, czyli {J}ana {F}ranciszka {D}rewnowskiego program precyzacji filozofii klasycznej},
	year = {1996}}

@book{Mysl:1937,
	address = {Pozna{\'n}},
	date-added = {2012-02-07 15:54:10 +0100},
	date-modified = {2012-05-15 08:16:34 +0200},
	publisher = {Ksi{\k e}garnia {\'s}w. Wojciecha},
	series = {Studia Gnesnensia},
	title = {{My{\'s}l katolicka wobec logiki wsp{\'o}{\l}czesnej}},
	volume = {15},
	year = {1937}}

@periodical{Nieznanski:1980aa,
	author = {Edward Niezna{\'n}ski},
	date-added = {2012-02-07 15:54:10 +0100},
	date-modified = {2012-02-07 15:54:10 +0100},
	journal = {Miscellanea Logica 1(1980)},
	title = {W kierunku formalizacji tomistycznej teodycei},
	volume = {1},
	year = {1980}}

@article{Nieznanski:1987aa,
	author = {Edward Niezna{\'n}ski},
	date-added = {2012-02-07 15:54:10 +0100},
	date-modified = {2012-02-07 15:54:10 +0100},
	journal = {Roczniki Filozoficzne},
	pages = {59-69},
	title = {Formalizacja filozofii - metoda czy maniera?},
	volume = {35},
	year = {1987}}

@book{Salamucha:1930aa,
	author = {Jan Salamucha},
	date-added = {2012-02-07 15:54:10 +0100},
	date-modified = {2012-02-07 15:54:10 +0100},
	publisher = {Polskie Towarzystwo Teologiczne},
	title = {Poj{\k e}cie dedukcji u {A}rystotelesa i {\'s}w. {T}omasza. {S}tudium historyczno-krytyczne},
	year = {1930}}

@article{Salamucha:1934aa,
	author = {Jan Salamucha},
	date-added = {2012-02-07 15:54:10 +0100},
	date-modified = {2012-02-07 15:54:10 +0100},
	journal = {Collectanea Theologica},
	pages = {53-92},
	title = {Dow{\'o}d {E}x {M}otu na istnienie {B}oga. {A}naliza logiczna argumentacji {\'s}w. {T}omasza z {A}kwinu},
	volume = {54},
	year = {1934}}

@incollection{Tkaczyk:2005aa,
	address = {Niepokalan{\'o}w},
	author = {Marcin Tkaczyk},
	booktitle = {Filozofia franciszkan{\'o}w},
	date-added = {2012-02-07 15:54:10 +0100},
	date-modified = {2012-02-07 15:54:10 +0100},
	editor = {S. C. Napi{\'o}rkowski, E. I. Zieli{\'n}ski},
	title = {Niekt{\'o}re osi{\k a}gni{\k e}cia szko{\l}y franciszka{\'n}skiej w logice formalnej},
	volume = {3},
	year = {2005}}

@book{Sowa-Knowledge-2000,
	abstract = {Sowa integrates logic, philosophy, linguistics, and computer science into this study of knowledge and its various models and implementations. His definitive new book shows how techniques of artificial intelligence, database design, and object-oriented programming help make knowledge explicit in a form that computer systems can use.},
	author = {John F. Sowa},
	date-added = {2012-02-07 14:54:21 +0100},
	date-modified = {2012-02-07 14:55:03 +0100},
	publisher = {Brooks/Cole},
	title = {{Knowledge Representation: Logical, Philosophical, and Computational Foundations}},
	year = 2000}

@article{thomasK1986477,
	author = {Thomas K. Landauer},
	date-added = {2012-02-07 09:40:01 +0100},
	date-modified = {2012-02-07 09:48:54 +0100},
	journal = {Cognitive Science},
	number = {4},
	pages = {477 - 493},
	title = {How much do people remember? {S}ome estimates of the quantity of learned information in long-term memory},
	volume = {10},
	year = {1986},
	Bdsk-Url-1 = {http://www.sciencedirect.com/science/article/pii/S0364021386800143},
	Bdsk-Url-2 = {http://dx.doi.org/10.1016/S0364-0213(86)80014-3}}

@article{Hilbert:2011aa,
	author = {Martin Hilbert and Priscila L{\'o}pez},
	date-added = {2012-02-06 19:49:41 +0100},
	date-modified = {2012-02-06 19:50:41 +0100},
	journal = {Science},
	pages = {60-65},
	title = {The World's Technological Capacity to Store, Communicate, and Compute Information},
	volume = {332},
	year = {2011}}

@article{Feigenbaum:2003:CGC:602382.602400,
	author = {Feigenbaum, Edward A.},
	date-added = {2012-02-04 20:46:37 +0100},
	date-modified = {2012-02-04 20:46:56 +0100},
	issue = {1},
	journal = {J. ACM},
	pages = {32--40},
	title = {Some challenges and grand challenges for computational intelligence},
	volume = {50},
	year = {2003},
	Bdsk-Url-1 = {http://doi.acm.org/10.1145/602382.602400}}

@article{Searle:1980aa,
	author = {John Searle},
	date-added = {2012-01-28 15:35:17 +0100},
	date-modified = {2012-01-28 15:35:48 +0100},
	journal = {Behavioral and Brain Sciences},
	pages = {417-457},
	title = {Minds, Brains and Programs},
	volume = {3},
	year = {1980}}

@article{Turing:1950aa,
	author = {A. M. Turing},
	date-added = {2012-01-27 17:23:18 +0100},
	date-modified = {2012-01-28 17:32:07 +0100},
	journal = {Mind},
	pages = {433-460},
	title = {Computing machinery and intelligence},
	volume = {59},
	year = {1950}}

@article{Fellbaum:1990aa,
	author = {Christiane Fellbaum and Derek Gross and Katherine J. Miller},
	date-added = {2010-11-04 19:52:48 +0100},
	date-modified = {2010-11-04 19:53:55 +0100},
	journal = {International Journal of Lexicography},
	number = {4},
	title = {Adjectives in {W}ord{N}et},
	volume = {3},
	year = {1990}}

@book{Lenat:1990aa,
	author = {Douglas Lenat and Ramanathan V. Guha},
	date-added = {2010-11-03 16:43:21 +0100},
	date-modified = {2010-11-11 08:48:20 +0100},
	publisher = {Addison Wesley},
	title = {Building Large Knowledge Based Systems},
	year = {1990}}

@article{Miller:1990aa,
	author = {Georege A. Miller and Richard Beckwith and Christiane Fellbaum and Derek Gross and Katherine J. Miller},
	date-added = {2010-11-03 16:30:53 +0100},
	date-modified = {2010-11-03 16:36:11 +0100},
	journal = {International Journal of Lexicography},
	number = {4},
	pages = {235-244},
	title = {Introduction to {W}ord{N}et: {A}n {O}n-line {L}exical {D}atabase},
	volume = {3},
	year = {1990}}

@article{Perzanowski:1988aa,
	author = {Jerzy Perzanowski},
	date-added = {2010-11-02 19:26:09 +0100},
	date-modified = {2010-11-02 19:26:09 +0100},
	journal = {Studia Filozoficzne},
	number = {6-7},
	pages = {87-99},
	title = {Ontologie i ontologiki},
	volume = {271-272},
	year = {1988}}

@incollection{Hayes:1979aa,
	author = {Patrick J. Hayes},
	booktitle = {{E}xpert {S}ystems in the {M}icro-electronic {A}ge},
	date-added = {2010-10-29 18:22:04 +0200},
	date-modified = {2010-10-29 18:23:44 +0200},
	editor = {Donald Michie},
	pages = {242-270},
	publisher = {Edinburg University Press},
	title = {The {N}aive {P}hysics {M}anifesto},
	year = {1979}}

@incollection{Hayes:1985aa,
	author = {Patrick J. Hayes},
	booktitle = {Formal theories of the commonsense world},
	date-added = {2010-10-29 18:16:42 +0200},
	date-modified = {2010-10-29 18:18:58 +0200},
	editor = {Jerry R. Hobbes and Robert C. Moore},
	pages = {1-36},
	publisher = {Ablex Publishing Corporation},
	title = {The {S}econd {N}aive {P}hysics {M}anifesto},
	year = {1985}}

@article{Davis:1993aa,
	author = {R. Davis and H. Shrobe and P. Szolovits},
	date-added = {2010-10-23 14:26:39 +0200},
	date-modified = {2010-10-23 14:28:18 +0200},
	journal = {AI Magazine},
	number = {1},
	pages = {17-33},
	title = {What is a {K}nowledge {R}epresentation?},
	volume = {14},
	year = {1993}}
